@Book{
  jessegamedesign,
  author   = {Jesse Schell},
  title    = {The Art of Game Design: A Book of Lenses},
  year     = {2008},
  edition  = {Primeira}
}


@Book{
  ernestgamedesign,
  author   = {Ernest Adams},
  title    = {Fundamentals of Game Design},
  year     = {2010},
  edition  = {Segunda}
}

@Book{
  robertgameloop,
  author   = {Robert Nystrom},
  title    = {Game Programming Patterns},
  year     = {2014},
  edition  = {Primeira}
}

@Misc{
  kleberkanban,
  author = {Kleber Bernardo},
  title  = {Kanban: Do in√≠cio ao fim!},
  year   = {2014},
  howpublished = {https://www.culturaagil.com.br/kanban-do-inicio-ao-fim/}
}

@Misc{
  martinpetri,
  author = {Martin Jonasson e Petri Purho},
  title  = {Juice it or Lose it},
  year   = {2012},
  howpublished = {https://www.gdcvault.com/play/1016487/Juice-It-or-Lose}
}
